<record><leader>00000cas a22000007a 4500</leader><controlfield tag="001">13044365</controlfield><controlfield tag="008">860121d18901uuualuwr ne      0    0eng d</controlfield><datafield ind1=" " ind2=" " tag="010"><subfield code="a">sn 86050033 </subfield></datafield><datafield ind1=" " ind2=" " tag="040"><subfield code="a">CPN</subfield><subfield code="b">eng</subfield><subfield code="c">CPN</subfield><subfield code="d">OCLCQ</subfield></datafield><datafield ind1=" " ind2=" " tag="042"><subfield code="a">msc</subfield></datafield><datafield ind1="0" ind2="0" tag="245"><subfield code="a">Tallapoosa voice.</subfield></datafield><datafield ind1=" " ind2=" " tag="260"><subfield code="a">Dadeville, Ala. :</subfield><subfield code="b">Oliver &amp; Edwards,</subfield><subfield code="c">1890-</subfield></datafield><datafield ind1=" " ind2=" " tag="300"><subfield code="a">v. ;</subfield><subfield code="c">54 cm.</subfield></datafield><datafield ind1=" " ind2=" " tag="310"><subfield code="a">Weekly</subfield></datafield><datafield ind1="0" ind2=" " tag="362"><subfield code="a">Vol. 1, no. 1 (June 19, 1890)-</subfield></datafield><datafield ind1=" " ind2=" " tag="500"><subfield code="a">Editors: Percy Oliver &amp; W.T. Edwards, &lt;1890&gt;; Percy Oliver &amp; Jas. W Strother, &lt;1890&gt;; Percy Oliver &amp; J. Stephen Dark, &lt;1891-1894&gt;.</subfield></datafield><datafield ind1=" " ind2=" " tag="752"><subfield code="a">United States</subfield><subfield code="b">Alabama</subfield><subfield code="c">Tallapoosa</subfield><subfield code="d">Dadeville.</subfield></datafield><datafield ind1="1" ind2=" " tag="029"><subfield code="a">AU@</subfield><subfield code="b">000025837345</subfield></datafield></record>